@misc{parkingdesign,
    title = {{Parking Lot Design Standards}},
    howpublished = "\url{http://www.uh.edu/plantops/departments/fpc/design-guidelines/09_parking.pdf}",
    year = {2012}, 
    note = "[Online; accessed 6-Apr-2013]"
}
